<record><leader>00000cas a22000007a 4500</leader><controlfield tag="001">13459103</controlfield><controlfield tag="008">860421d18261827pauwr ne      0    0eng  </controlfield><controlfield tag="009">466</controlfield><datafield ind1=" " ind2=" " tag="010"><subfield code="a">sn 86071358 </subfield></datafield><datafield ind1=" " ind2=" " tag="040"><subfield code="a">DLC</subfield><subfield code="b">eng</subfield><subfield code="c">DLC</subfield><subfield code="d">NPH</subfield></datafield><datafield ind1="1" ind2=" " tag="029"><subfield code="a">AU@</subfield><subfield code="b">000025784216</subfield></datafield><datafield ind1=" " ind2=" " tag="042"><subfield code="a">msc</subfield></datafield><datafield ind1="0" ind2="0" tag="050"><subfield code="a">Newspaper 9406</subfield></datafield><datafield ind1="0" ind2="0" tag="245"><subfield code="a">Bucks County patriot.</subfield></datafield><datafield ind1=" " ind2=" " tag="260"><subfield code="a">Doylestown, Pa. :</subfield><subfield code="b">Morris &amp; Kramer,</subfield><subfield code="c">1826-1827.</subfield></datafield><datafield ind1=" " ind2=" " tag="300"><subfield code="a">2 v. ;</subfield><subfield code="c">51 cm.</subfield></datafield><datafield ind1=" " ind2=" " tag="310"><subfield code="a">Weekly</subfield></datafield><datafield ind1="0" ind2=" " tag="362"><subfield code="a">Vol. 2, no. 90 (June 19, 1826)-v. 3, no. 156 (Sept. 24, 1827)</subfield></datafield><datafield ind1=" " ind2=" " tag="752"><subfield code="a">United States</subfield><subfield code="b">Pennsylvania</subfield><subfield code="c">Bucks</subfield><subfield code="d">Doylestown.</subfield></datafield><datafield ind1="0" ind2="0" tag="780"><subfield code="t">Bucks County patriot and farmers' advertiser</subfield><subfield code="w">(DLC)sn 86071357</subfield></datafield><datafield ind1="0" ind2="0" tag="785"><subfield code="t">Bucks County intelligencer and general advertiser</subfield><subfield code="w">(DLC)sn 86071359</subfield></datafield></record>